<?xml version="1.0" encoding="UTF-8"?><collection xmlns="http://www.loc.gov/MARC21/slim"><record><leader>00525nam--2200169-i-4500</leader><controlfield tag="001">000023495</controlfield><controlfield tag="002">20161230</controlfield><controlfield tag="005">20161230201035</controlfield><controlfield tag="008">060222s1000------------r-----000-0-eng-d</controlfield><datafield ind1=" " ind2=" " tag="040"><subfield code="a">IFIN-HH</subfield></datafield><datafield ind1=" " ind2=" " tag="080"><subfield code="a">015:539.144.3:546.96</subfield></datafield><datafield ind1="1" ind2=" " tag="100"><subfield code="a">Siwamogsatham, Boonsong</subfield></datafield><datafield ind1="1" ind2="0" tag="245"><subfield code="a">Nuclear level structure of 101ru from the 14.0 minute 101 tc decay</subfield><subfield code="b">Dissertation</subfield><subfield code="c">Boonsong siwamogsatham</subfield></datafield><datafield ind1=" " ind2=" " tag="260"><subfield code="a">Ann Arbor, Michigan</subfield><subfield code="b">University Microfilms</subfield><subfield code="c">1971</subfield></datafield><datafield ind1=" " ind2=" " tag="300"><subfield code="a">104P</subfield></datafield><datafield ind1=" " ind2=" " tag="852"><subfield code="a">37837</subfield><subfield code="c">539.14</subfield></datafield><datafield ind1=" " ind2=" " tag="CAT"><subfield code="a">Sys</subfield><subfield code="c">20120328</subfield><subfield code="h">150448</subfield></datafield></record></collection>